
@article{ small2,
author = {Small, Kerrin S. and Brudno, Michael and Hill, Matthew M. and Sidow, Arend},
title = {{Extreme genomic variation in a natural population}},
volume = {104},
number = {13},
pages = {5698-5703},
year = {2007},
journal = {Proceedings of the National Academy of Sciences}
}

@inproceedings{donmez11,
  author    = {Nilgun Donmez and Michael Brudno},
  title     = {Hapsembler: An Assembler for Highly Polymorphic Genomes},
  booktitle = {RECOMB},
  year      = {2011},
  pages     = {38-52},
  editor = {Bafna, Vineet and Sahinalp, Cenk S.}, 
  volume = {6577},
  series = {LNBI},
  publisher = {Springer-Verlag Berlin Heidelberg},
}

@article{donmez12,
author = {Donmez, Nilgun and Brudno, Michael}, 
title = {SCARPA: Scaffolding Reads with Practical Algorithms},
year = {2012}, 
doi = {10.1093/bioinformatics/bts716}, 
journal = {Bioinformatics} 
}


@inproceedings{laserson,
   author = {Laserson, Jonathan and Jojic, Vladimir and Koller, Daphne},
   title = {Genovo: De Novo Assembly for Metagenomes},
   booktitle = {RECOMB},
   series = {Lecture Notes in Computer Science},
   editor = {Berger, Bonnie},
   publisher = {Springer-Verlag Berlin Heidelberg},
   pages = {341-356},
   volume = {6044},
   year = {2010}
}

@article{simpson,
author = {Simpson, Jared T. and Wong, Kim and Jackman, Shaun D. and Schein, Jacqueline E. and Jones, Steven J.M. and Birol, Inanc}, 
title = {{ABySS}: A parallel assembler for short read sequence data}, 
volume = {19}, 
number = {6}, 
pages = {1117-1123}, 
year = {2009}, 
journal = {Genome Research} 
}

@article{sodergren,
author = {Sodergren, Erica}, 
title = {The Genome of the Sea Urchin {Strongylocentrotus purpuratus}}, 
volume = {314}, 
number = {5801}, 
pages = {941-952}, 
year = {2006}, 
journal = {Science} 
}

@Article{sopra,
author = {Dayarian, A. and Michael, T.P. and Sengupta, A. M.},
title = {{SOPRA}: Scaffolding algorithm for paired reads via statistical optimization},
journal = {BMC Bioinformatics},
year = {2010},
volume = {11},
number = {345},
}
